<record><leader>00000cas a22000007a 4500</leader><controlfield tag="001">36978959</controlfield><controlfield tag="008">970529d190u19uuokudr n       0    0eng d</controlfield><datafield ind1=" " ind2=" " tag="010"><subfield code="a">sn 97064886 </subfield></datafield><datafield ind1=" " ind2=" " tag="040"><subfield code="a">OBN</subfield><subfield code="b">eng</subfield><subfield code="c">OBN</subfield><subfield code="d">OCLCQ</subfield><subfield code="d">OCLCF</subfield><subfield code="d">OCLCO</subfield></datafield><datafield ind1="1" ind2=" " tag="029"><subfield code="a">AU@</subfield><subfield code="b">000013283120</subfield></datafield><datafield ind1=" " ind2=" " tag="042"><subfield code="a">msc</subfield></datafield><datafield ind1=" " ind2=" " tag="043"><subfield code="a">n-us-ok</subfield></datafield><datafield ind1="0" ind2="0" tag="245"><subfield code="a">Bartlesville daily news and the independent.</subfield></datafield><datafield ind1=" " ind2=" " tag="260"><subfield code="a">Bartlesville, Okla. :</subfield><subfield code="b">J.H. Ritchie</subfield></datafield><datafield ind1=" " ind2=" " tag="300"><subfield code="a">v.</subfield></datafield><datafield ind1=" " ind2=" " tag="310"><subfield code="a">Daily</subfield></datafield><datafield ind1=" " ind2=" " tag="588"><subfield code="a">Description based on: Vol. 3, no. 118 (Dec. 17, 1908).</subfield></datafield><datafield ind1=" " ind2="0" tag="651"><subfield code="a">Bartlesville (Okla.)</subfield><subfield code="v">Newspapers.</subfield></datafield><datafield ind1=" " ind2="0" tag="651"><subfield code="a">Washington County (Okla.)</subfield><subfield code="v">Newspapers.</subfield></datafield><datafield ind1=" " ind2="7" tag="655"><subfield code="a">Newspapers.</subfield><subfield code="2">fast</subfield><subfield code="0">(OCoLC)fst01423814</subfield></datafield><datafield ind1=" " ind2="7" tag="651"><subfield code="a">Oklahoma</subfield><subfield code="z">Bartlesville.</subfield><subfield code="2">fast</subfield><subfield code="0">(OCoLC)fst01221558</subfield></datafield><datafield ind1=" " ind2="7" tag="651"><subfield code="a">Oklahoma</subfield><subfield code="z">Washington County.</subfield><subfield code="2">fast</subfield><subfield code="0">(OCoLC)fst01223288</subfield></datafield><datafield ind1=" " ind2=" " tag="752"><subfield code="a">United States</subfield><subfield code="b">Oklahoma</subfield><subfield code="c">Washington</subfield><subfield code="d">Bartlesville.</subfield></datafield><datafield ind1="0" ind2="4" tag="780"><subfield code="t">Bartlesville daily news (Bartlesville, Okla. : 1907)</subfield><subfield code="w">(DLC)sn 97064885</subfield><subfield code="w">(OCoLC)36978261</subfield></datafield><datafield ind1="0" ind2="4" tag="780"><subfield code="t">Independent (Bartlesville, Okla.)</subfield></datafield><datafield ind1="0" ind2="0" tag="785"><subfield code="t">Bartlesville daily news (Bartlesville, Okla. : 1910)</subfield><subfield code="w">(DLC)sn 97064887</subfield><subfield code="w">(OCoLC)36979007</subfield></datafield></record>